@CONFERENCE{jaleeltheobald10,
 AUTHOR={A. Jaleel and K. Theobald and S. Steely and J. Emer},
 TITLE={{High Performance Cache Replacement Using Re-Reference Interval Prediction (RRIP)}},
 BOOKTITLE={Proceedings of ISCA},
 YEAR={2010}
}

@article{belady66,
 author = {L. Belady},
 title = {{A Study of Replacement Algorithms for a Virtual-Storage Computer}},
 journal = {IBM Systems Journal},
 year = {1966},
}

@InProceedings{basukirman07,
  author = {A. Basu and N. Kirman and M. Kirman and M. Chaudhuri and J. Martinez},
  title = {{Scavenger: A New Last Level Cache Architecture with Global Block Priority}},
  booktitle = {Proceedings of MICRO},
  year = {2007},
}

@CONFERENCE{keramidaspetoumenos07,
author = {G. Keramidas and P. Petoumenos and S. Kaxiras},
title = {{Cache Replacement based on Reuse-Distance Prediction}},
booktitle = {Proceedings of ICCD},
year = {2007}
}

@CONFERENCE{manikantanrajan11,
author = {R. Manikantan and K. Rajan and R. Govindarajan},
title = {{NUcache: An Efficient Multicore Cache Organization Based on Next-Use Distance}},
booktitle = {Proceedings of HPCA},
year = {2011}
}

@InProceedings{lukcohn05,
  author = {C. K. Luk and R. Cohn and R. Muth and H. Patil and A. Klauser and G. Lowney and S. Wallace and V. J. Reddi and K. Hazelwood},
  title = {{Pin: Building Customized Program Analysis Tools with Dynamic Instrumentation}},
  booktitle = {Proceedings of PLDI},
  year = {2005},
}

@InProceedings{seshadri12,
	author = {V. Seshadri and O. Mutlu and M.A. Kozuch and T.C. Mowry},
	title = {The Evicted Address Filter: A Unified Mechanism to Address Both Cache Pollution and Thrashing},
	booktitle = {Proccedings of PACT},
	year = {2012}
}

@ARTICLE{bailey94,
    AUTHOR={D. Bailey and E. Barszcz and J. Barton and D. Browning and R. Carter and L. Dagum and R. Fatoohi and S. Fineberg
                      and P. Frederickson and T. Lasinski and R. Schreiber and H. Simon and V. Venkatakrishnan andd S. Weeretunga},
        TITLE={{The NAS Parallel Benchmarks}},
        JOURNAL={International Journal of Supercomputer Applications},
        VOLUME={5},
        NUMBER={3},
        PAGES={63-73},
        MONTH={Fall},
    YEAR={1994}
}

@inproceedings{choudhury2011,
  author = {A.N.M.I. Choudhury and P. Rosen},
  title = {Abstract Visualization of Runtime Memory Behavior},
  booktitle = {6th IEEE International Workshop on Visualizing Software for Understanding
	and Analysis},
  year = {2011},
  series = {VisSoft},
  pages = {22-29},
}

@conference{Lai00,
 author = {An-Chow Lai and Babak Falsafi},
 title = {{Selective, Accurate, and Timely Self-Invalidation Using Last-Touch Prediction}},
 booktitle = {Proceedings of ISCA-27},
 year = {2000},
 pages = {139--148},
 location = {Vancouver, British Columbia, Canada},
 }
 
 @inproceedings{wujaleelhasenplaugh11,
  author={C.J. Wu and A. Jaleel and W. Hasenplaugh and M. Martonosi and S.C. Steely and J. Emer},
  title={{SHiP: Signature-based Hit Predictor for High Performance Caching}},
  year={2011},
  booktitle={Proceedings of MICRO}
}
